@book{adams1995hitchhiker,
  title={The Hitchhiker's Guide to the Galaxy},
  author={Adams, D.},
  isbn={9781417642595},
  url={http://books.google.com/books?id=W-xMPgAACAAJ},
  year={1995},
  publisher={San Val}
}
@misc{stackexchange,
    title={Putting two images beside each other},
    author={Unknown},
    url={https://tex.stackexchange.com/questions/148438/putting-two-images-beside-each-other},
    year={2014},
    publisher={StackExchange}
}

@book{einstein,
  author =       "Albert Einstein",
  title =        "{Zur Elektrodynamik bewegter K{\"o}rper}. ({German})
                 [{On} the electrodynamics of moving bodies]",
  journal =      "Annalen der Physik",
  volume =       "322",
  number =       "10",
  pages =        "891--921",
  year =         "1905",
  DOI =          "http://dx.doi.org/10.1002/andp.19053221004"
}

@misc{cite_1,
    title={cite_1},
    author={Unknown},
    year={2014},
    publisher={something}
}

@misc{cite_2,
    title={cite_2},
    author={Unknown},
    year={2014},
    publisher={something}
}

@misc{cite_3,
    title={cite_3},
    author={Unknown},
    year={2014},
    publisher={something}
}

@misc{latexcompanion,
    title={latexcompanion},
    author={Unknown},
    year={2014},
    publisher={something}
}

@misc{webpage,
    title={webpage},
    author={Unknown},
    url={https://example.com},
    year={2014},
    publisher={webpage}
}
